<?xml version="1.0" encoding="UTF-8"?><collection xmlns="http://www.loc.gov/MARC21/slim"><record><leader>00474nam--2200193-i-4500</leader><controlfield tag="001">000005844</controlfield><controlfield tag="002">20161230</controlfield><controlfield tag="005">20170106001147</controlfield><controlfield tag="008">060222s1000------------r-----000-0-eng-d</controlfield><datafield ind1=" " ind2=" " tag="040"><subfield code="a">IFIN-HH</subfield></datafield><datafield ind1=" " ind2=" " tag="080"><subfield code="a">53.08</subfield></datafield><datafield ind1="1" ind2=" " tag="100"><subfield code="a">Avery, J. H</subfield></datafield><datafield ind1="1" ind2="0" tag="245"><subfield code="a">Laboratory physics</subfield><subfield code="c">J.H. Avery, A.W.K. Ingram</subfield></datafield><datafield ind1=" " ind2=" " tag="250"><subfield code="a">Third Edition</subfield></datafield><datafield ind1=" " ind2=" " tag="260"><subfield code="a">London</subfield><subfield code="b">Heinemann</subfield><subfield code="c">1961</subfield></datafield><datafield ind1=" " ind2=" " tag="300"><subfield code="a">513 p</subfield></datafield><datafield ind1="1" ind2=" " tag="700"><subfield code="a">Ingram, A.W.K</subfield></datafield><datafield ind1=" " ind2=" " tag="852"><subfield code="a">17284</subfield><subfield code="c">53.08</subfield></datafield><datafield ind1=" " ind2=" " tag="CAT"><subfield code="a">SYS</subfield><subfield code="c">20170106</subfield><subfield code="h">001147</subfield></datafield></record></collection>